@article{east2023,
	author = {Chloe N. East and Annie L. Hines and Philip Luck and  Hani Mansour and Andrea Velásquez},
	title = {The Labor Market Eﬀects of Immigration
Enforcement},
	journal = {Journal of Labor Economics},
	year = 2023,
	volume = {41},
	number = {4},
	pages = {957-996},
    URL = {https://doi.org/10.1086/721152}
}
